<?xml version="1.0" encoding="UTF-8"?><record xmlns="http://www.loc.gov/MARC21/slim" xmlns:cinclude="http://apache.org/cocoon/include/1.0" xmlns:zs="http://www.loc.gov/zing/srw/">
  <leader>00471nz  a2200133n  4500</leader>
  <controlfield tag="001">n 2004124135</controlfield>
  <controlfield tag="003">DLC</controlfield>
  <controlfield tag="005">20041207044106.0</controlfield>
  <controlfield tag="008">041207n| acannaabn          |n ana      </controlfield>
  <datafield tag="010" ind1=" " ind2=" ">
    <subfield code="a">n 2004124135</subfield>
  </datafield>
  <datafield tag="035" ind1=" " ind2=" ">
    <subfield code="a">(DNLM)1279977</subfield>
  </datafield>
  <datafield tag="040" ind1=" " ind2=" ">
    <subfield code="a">DNLM</subfield>
    <subfield code="b">eng</subfield>
    <subfield code="c">DNLM</subfield>
  </datafield>
  <datafield tag="110" ind1="2" ind2=" ">
    <subfield code="a">American College of Radiology.</subfield>
    <subfield code="b">Committee on Barium Enema Quality Control</subfield>
  </datafield>
  <datafield tag="670" ind1=" " ind2=" ">
    <subfield code="a">Barium enema quality control manual, c1998:</subfield>
    <subfield code="b">t.p. (American College of Radiology, Committee on Barium Enema Quality Control)</subfield>
  </datafield>
</record>